@book{pid,
    author = "Dushan Petrovich",
    title = "Automatskog Upravlivanja Interna Skripta I PPT Prezentacija",
    keywords = "physics"
}

@book{vfh,
    author = "J. Borenstein, Y. Koren",
    title = "The Vector Field Histogram - Fast Obstacle Avoidance For Mobile Robots",
    keywords = "physics"
}
@book{experiments,
    title = {Mobile Robotics Experiments with DaNI},
    author = {Dr. Robert King},
    publisher = {Colorado School of Mines},
    keywords = {physics}
}
 
@online{sabertooth,
    author = "Dimension Engineering",
    title = "Sabertooth Dual 10A Motor Driver",
    url  = "https://www.dimensionengineering.com/products/sabertooth2x10",
    keywords = "construction"
}

@online{dcmotor,
    author = "PITSCO Educational",
    title = "Tetrix Max DC Motor",
    url = "https://www.pitsco.com/TETRIX-DC-Gear-Motor",
    keywords = "construction"
}

@online{servo,
    author = "Servocity",
    title = "HS-485HB Servo",
    url = "https://www.servocity.com/hs-485hb-servo",
    keywords = "construction"
}

@online{ping,
    author = "Parallax",
    title = "PING))) Ultrasonic Distance Sensor",
    url = "https://www.parallax.com/sites/default/files/downloads/28015-PING-Sensor-Product-Guide-v2.0.pdf",
    keywords = "construction"
} 

@online{sbrio,
    author = "National Instruments",
    title = "NI sbRIO 96xx User Guide",
    url = "http://www.ni.com/pdf/manuals/375052c.pdf",
    keywords = "construction"
}

@online{dani,
    author = "National Instruments",
    title = "Starter Kit 2.0 VIs",
    url = "http://zone.ni.com/reference/en-XX/help/372983B-01/lvrobovi/starter_kit_2_pal/",
    keywords = "contruction"
}

@online{fpga,
    author = "Raveon",
    title = "FPGA-Field Programmable Gate Array",
    url = "http://www.rfneulink.com/FPGA-whitepaper.htm",
    keywords = "construction"
}



%@inbook{knuth-fa,
    author = "Donald E. Knuth",
    title = "Fundamental Algorithms",
    publisher = "Addison-Wesley",
    year = "1973",
    chapter = "1.2",
    keywords  = "knuth,programming"
}

